{
  "leader": "04100cam a22005291a 4500",
  "fields": [
    {
      "001": "ocm01002974\\"
    },
    {
      "003": "OCoLC"
    },
    {
      "005": "20221205175304.0"
    },
    {
      "008": "740910s1963\\\\\\\\nyua\\\\\\\\\\b\\\\\\\\000\\0\\eng\\\\"
    },
    {
      "010": {
        "ind1": "\\",
        "ind2": "\\",
        "subfields": [
          {
            "a": "   63019321 "
          }
        ]
      }
    },
    {
      "040": {
        "ind1": "\\",
        "ind2": "\\",
        "subfields": [
          {
            "a": "DLC"
          },
          {
            "b": "eng"
          },
          {
            "c": "DLC"
          },
          {
            "d": "RIU"
          },
          {
            "d": "SER"
          },
          {
            "d": "OHI"
          },
          {
            "d": "OCLCF"
          },
          {
            "d": "GZM"
          },
          {
            "d": "OCLCQ"
          },
          {
            "d": "DGU"
          },
          {
            "d": "OCLCQ"
          },
          {
            "d": "OCLCA"
          },
          {
            "d": "AU@"
          },
          {
            "d": "YBM"
          },
          {
            "d": "INU"
          },
          {
            "d": "OCLCO"
          }
        ]
      }
    },
    {
      "019": {
        "ind1": "\\",
        "ind2": "\\",
        "subfields": [
          {
            "a": "518154"
          },
          {
            "a": "156768009"
          },
          {
            "a": "639975201"
          },
          {
            "a": "1000650414"
          },
          {
            "a": "1008120351"
          }
        ]
      }
    },
    {
      "035": {
        "ind1": "\\",
        "ind2": "\\",
        "subfields": [
          {
            "a": "(OCoLC)1002974"
          },
          {
            "z": "(OCoLC)518154"
          },
          {
            "z": "(OCoLC)156768009"
          },
          {
            "z": "(OCoLC)639975201"
          },
          {
            "z": "(OCoLC)1000650414"
          },
          {
            "z": "(OCoLC)1008120351"
          }
        ]
      }
    },
    {
      "042": {
        "ind1": "\\",
        "ind2": "\\",
        "subfields": [
          {
            "a": "premarc"
          }
        ]
      }
    },
    {
      "050": {
        "ind1": "0",
        "ind2": "0",
        "subfields": [
          {
            "a": "N5310"
          },
          {
            "b": ".M36 1963"
          }
        ]
      }
    },
    {
      "082": {
        "ind1": "0",
        "ind2": "4",
        "subfields": [
          {
            "a": "709.011"
          },
          {
            "b": "MEA"
          }
        ]
      }
    },
    {
      "100": {
        "ind1": "1",
        "ind2": "\\",
        "subfields": [
          {
            "a": "Mead, Margaret,"
          },
          {
            "d": "1901-1978."
          }
        ]
      }
    },
    {
      "245": {
        "ind1": "1",
        "ind2": "0",
        "subfields": [
          {
            "a": "Technique & personality /"
          },
          {
            "c": "Margaret Mead, Junius B. Bird, Hans Himmelheber."
          }
        ]
      }
    },
    {
      "246": {
        "ind1": "3",
        "ind2": "0",
        "subfields": [
          {
            "a": "Technique and personality"
          }
        ]
      }
    },
    {
      "260": {
        "ind1": "\\",
        "ind2": "\\",
        "subfields": [
          {
            "a": "New York :"
          },
          {
            "b": "Museum of Primitive Art :"
          },
          {
            "b": "Distributed by the New York Graphic Society,"
          },
          {
            "c": "1963."
          }
        ]
      }
    },
    {
      "300": {
        "ind1": "\\",
        "ind2": "\\",
        "subfields": [
          {
            "a": "110 pages :"
          },
          {
            "b": "illustrations (some color) ;"
          },
          {
            "c": "22 cm."
          }
        ]
      }
    },
    {
      "336": {
        "ind1": "\\",
        "ind2": "\\",
        "subfields": [
          {
            "a": "text"
          },
          {
            "b": "txt"
          },
          {
            "2": "rdacontent"
          }
        ]
      }
    },
    {
      "337": {
        "ind1": "\\",
        "ind2": "\\",
        "subfields": [
          {
            "a": "unmediated"
          },
          {
            "b": "n"
          },
          {
            "2": "rdamedia"
          }
        ]
      }
    },
    {
      "338": {
        "ind1": "\\",
        "ind2": "\\",
        "subfields": [
          {
            "a": "volume"
          },
          {
            "b": "nc"
          },
          {
            "2": "rdacarrier"
          }
        ]
      }
    },
    {
      "490": {
        "ind1": "1",
        "ind2": "\\",
        "subfields": [
          {
            "a": "Lecture series (Museum of Primitive Art (New York, N.Y.)) ;"
          },
          {
            "v": "no. 3"
          }
        ]
      }
    },
    {
      "504": {
        "ind1": "\\",
        "ind2": "\\",
        "subfields": [
          {
            "a": "Includes bibliographical references (page 18)."
          }
        ]
      }
    },
    {
      "505": {
        "ind1": "0",
        "ind2": "\\",
        "subfields": [
          {
            "a": "The bark paintings of the Mountain Arapesh of New Guinea / by M. Mead -- Technology and art in Peruvian textiles / by J.B. Bird -- Personality and technique of African sculptors."
          }
        ]
      }
    },
    {
      "520": {
        "ind1": "8",
        "ind2": "\\",
        "subfields": [
          {
            "a": "\"In this book three distinguished scholars discuss a problem basic to the understanding of primitive art: the relation of the traditional techniques of an art to the development of style and the expression of the individual artist. Margaret Mead writes of the Mountain Arapesh of New Guinea, and how a people 'who have no distinctive style of decoration' appropriate and adopt the work of their neighbors. She documents and illustrates the making of a bark painting 'tracing the actual steps, the shifts and changes of plan between the painter and his helper.' Junius B. Bird studies the techniques of Peruvian textiles and analyzes 'the many and varied ways in which fabrics can be created' and how 'each technique is a medium in itself, providing a challenge to the ingenuity, imagination, and skill of the artist', whose influence may extend beyond textiles to other media where such controls do not exist. Hans Himmelheber describes the methods and intentions of African sculptors in general, and how they vary from tribe to tribe. He then follows in detail the working methods of three invidiaul artists of the Dan and Kran in Liberia, pointing out the differing reasons for which they work and how each has developed his own method and manner of expression. These three papers, constituting the third volume in the lecture series of The Museum of Primitive Art, are illustrated by many photographs and drawings\"--Publisher's description, p. [2] of dust jacket."
          }
        ]
      }
    },
    {
      "650": {
        "ind1": "\\",
        "ind2": "0",
        "subfields": [
          {
            "a": "Arapesh (Papua New Guinean people)"
          },
          {
            "x": "Art."
          }
        ]
      }
    },
    {
      "650": {
        "ind1": "\\",
        "ind2": "0",
        "subfields": [
          {
            "a": "Art and technology."
          }
        ]
      }
    },
    {
      "650": {
        "ind1": "\\",
        "ind2": "0",
        "subfields": [
          {
            "a": "Art, Peruvian."
          }
        ]
      }
    },
    {
      "650": {
        "ind1": "\\",
        "ind2": "0",
        "subfields": [
          {
            "a": "Sculpture, African."
          }
        ]
      }
    },
    {
      "650": {
        "ind1": "\\",
        "ind2": "7",
        "subfields": [
          {
            "a": "Arapesh (Papua New Guinean people)"
          },
          {
            "2": "fast"
          },
          {
            "0": "(OCoLC)fst01429790"
          }
        ]
      }
    },
    {
      "650": {
        "ind1": "\\",
        "ind2": "7",
        "subfields": [
          {
            "a": "Art and technology."
          },
          {
            "2": "fast"
          },
          {
            "0": "(OCoLC)fst00815441"
          }
        ]
      }
    },
    {
      "650": {
        "ind1": "\\",
        "ind2": "7",
        "subfields": [
          {
            "a": "Art, Peruvian."
          },
          {
            "2": "fast"
          },
          {
            "0": "(OCoLC)fst00816728"
          }
        ]
      }
    },
    {
      "650": {
        "ind1": "\\",
        "ind2": "7",
        "subfields": [
          {
            "a": "Sculpture, African."
          },
          {
            "2": "fast"
          },
          {
            "0": "(OCoLC)fst01109523"
          }
        ]
      }
    },
    {
      "655": {
        "ind1": "\\",
        "ind2": "7",
        "subfields": [
          {
            "a": "Art."
          },
          {
            "2": "fast"
          },
          {
            "0": "(OCoLC)fst01423702"
          }
        ]
      }
    },
    {
      "700": {
        "ind1": "1",
        "ind2": "\\",
        "subfields": [
          {
            "a": "Bird, Junius Bouton,"
          },
          {
            "d": "1907-1982."
          }
        ]
      }
    },
    {
      "700": {
        "ind1": "1",
        "ind2": "\\",
        "subfields": [
          {
            "a": "Himmelheber, Hans,"
          },
          {
            "d": "1908-2003."
          }
        ]
      }
    },
    {
      "710": {
        "ind1": "2",
        "ind2": "\\",
        "subfields": [
          {
            "a": "Museum of Primitive Art (New York, N.Y.)"
          }
        ]
      }
    },
    {
      "776": {
        "ind1": "0",
        "ind2": "8",
        "subfields": [
          {
            "i": "Online version:"
          },
          {
            "a": "Mead, Margaret, 1901-1978."
          },
          {
            "t": "Technique & personality."
          },
          {
            "d": "New York : Museum of Primitive Art : Distributed by the New York Graphic Society, 1963"
          },
          {
            "w": "(OCoLC)603547274"
          }
        ]
      }
    },
    {
      "776": {
        "ind1": "0",
        "ind2": "8",
        "subfields": [
          {
            "i": "Online version:"
          },
          {
            "a": "Mead, Margaret, 1901-1978."
          },
          {
            "t": "Technique & personality."
          },
          {
            "d": "New York : Museum of Primitive Art : Distributed by the New York Graphic Society, 1963"
          },
          {
            "w": "(OCoLC)607852363"
          }
        ]
      }
    },
    {
      "830": {
        "ind1": "\\",
        "ind2": "0",
        "subfields": [
          {
            "a": "Lecture series (Museum of Primitive Art (New York, N.Y.)) ;"
          },
          {
            "v": "no. 3."
          }
        ]
      }
    },
    {
      "994": {
        "ind1": "\\",
        "ind2": "\\",
        "subfields": [
          {
            "a": "Z0"
          },
          {
            "b": "NYRVC"
          }
        ]
      }
    },
    {
      "948": {
        "ind1": "\\",
        "ind2": "\\",
        "subfields": [
          {
            "h": "NO HOLDINGS IN NYRVC - 496 OTHER HOLDINGS"
          }
        ]
      }
    },
    {
      "999": {
        "ind1": "\\",
        "ind2": "\\",
        "subfields": [
          {
            "a": "00000000011216"
          },
          {
            "b": "Copy 1"
          }
        ]
      }
    },
    {
      "999": {
        "ind1": "\\",
        "ind2": "\\",
        "subfields": [
          {
            "a": "00000000011220"
          },
          {
            "b": "Copy 2"
          }
        ]
      }
    }
  ]
}